@article{dhar2017calculating,
  title={Calculating higher-order moments of phylogenetic stochastic mapping summaries in linear time},
  author={Dhar, Amrit and Minin, Vladimir N},
  journal={Journal of Computational Biology},
  volume={24},
  number={5},
  pages={377--399},
  year={2017},
  publisher={Mary Ann Liebert, Inc. 140 Huguenot Street, 3rd Floor New Rochelle, NY 10801 USA}
}

@article{hasegawa1985dating,
  title={Dating of the human-ape splitting by a molecular clock of mitochondrial DNA},
  author={Hasegawa, Masami and Kishino, Hirohisa and Yano, Taka-aki},
  journal={Journal of molecular evolution},
  volume={22},
  number={2},
  pages={160--174},
  year={1985},
  publisher={Springer}
}

@article{green1995reversible,
  title={Reversible jump {M}arkov chain {M}onte {C}arlo computation and {B}ayesian model determination},
  author={Green, Peter J},
  journal={Biometrika},
  volume={82},
  number={4},
  pages={711--732},
  year={1995},
  publisher={Oxford University Press}
}

@article{meyer2019simultaneous,
  title={Simultaneous {B}ayesian inference of phylogeny and molecular coevolution},
  author={Meyer, Xavier and Dib, Linda and Silvestro, Daniele and Salamin, Nicolas},
  journal={Proceedings of the National Academy of Sciences},
  volume={116},
  number={11},
  pages={5027--5036},
  year={2019},
  publisher={National Acad Sciences}
}

@article{brown2018evaluating,
  title={Evaluating Model Performance in Evolutionary Biology},
  author={Brown, Jeremy M and Thomson, Robert C},
  journal={Annual Review of Ecology, Evolution, and Systematics},
  volume={49},
  pages={95--114},
  year={2018},
  publisher={Annual Reviews}
}

@article{goldman1993statistical,
  title={Statistical tests of models of DNA substitution},
  author={Goldman, Nick},
  journal={Journal of molecular evolution},
  volume={36},
  number={2},
  pages={182--198},
  year={1993},
  publisher={Springer}
}

@article{lewis2013posterior,
  title={Posterior predictive Bayesian phylogenetic model selection},
  author={Lewis, Paul O and Xie, Wangang and Chen, Ming-Hui and Fan, Yu and Kuo, Lynn},
  journal={Systematic biology},
  volume={63},
  number={3},
  pages={309--321},
  year={2013},
  publisher={Oxford University Press}
}

@article{reid2013poor,
  title={Poor fit to the multispecies coalescent is widely detectable in empirical data},
  author={Reid, Noah M and Hird, Sarah M and Brown, Jeremy M and Pelletier, Tara A and McVay, John D and Satler, Jordan D and Carstens, Bryan C},
  journal={Systematic Biology},
  volume={63},
  number={3},
  pages={322--333},
  year={2013},
  publisher={Oxford University Press}
}

@article{duchene2018phylodynamic,
  title={Phylodynamic model adequacy using posterior predictive simulations},
  author={Duchene, Sebastian and Bouckaert, Remco and Duchene, David A and Stadler, Tanja and Drummond, Alexei J},
  journal={bioRxiv},
  pages={255596},
  year={2018},
  publisher={Cold Spring Harbor Laboratory}
}

@article{brown2014detection,
  title={Detection of implausible phylogenetic inferences using posterior predictive assessment of model fit},
  author={Brown, Jeremy M},
  journal={Systematic Biology},
  volume={63},
  number={3},
  pages={334--348},
  year={2014},
  publisher={Oxford University Press}
}

@article{brown2008puma,
  title={PuMA: Bayesian analysis of p artitioned (and u npartitioned) m odel a dequacy},
  author={Brown, Jeremy M and ElDabaje, Robert},
  journal={Bioinformatics},
  volume={25},
  number={4},
  pages={537--538},
  year={2008},
  publisher={Oxford University Press}
}

@article{huelsenbeck2001bayesian,
  title={Bayesian inference of phylogeny and its impact on evolutionary biology},
  author={Huelsenbeck, John P and Ronquist, Fredrik and Nielsen, Rasmus and Bollback, Jonathan P},
  journal={science},
  volume={294},
  number={5550},
  pages={2310--2314},
  year={2001},
  publisher={American Association for the Advancement of Science}
}

@article{suchard2003evolutionary,
  title={Evolutionary similarity among genes},
  author={Suchard, Marc A and Weiss, Robert E and Sinsheimer, Janet S and Dorman, Karin S and Patel, Megha and McCabe, Edward R B},
  journal={Journal of the American Statistical Association},
  volume={98},
  number={463},
  pages={653--662},
  year={2003},
  publisher={Taylor \& Francis}
}

@article{bollback2002bayesian,
  title={Bayesian model adequacy and choice in phylogenetics},
  author={Bollback, Jonathan P},
  journal={Molecular Biology and Evolution},
  volume={19},
  number={7},
  pages={1171--1180},
  year={2002},
  publisher={Oxford University Press}
}

@incollection{nielsen2001detecting,
  title={Detecting positively selected amino acid sites using posterior predictive P-values},
  author={Nielsen, R and Huelsenbeck, John P},
  booktitle={Biocomputing 2002},
  pages={576--588},
  year={2001},
  publisher={World Scientific}
}

@article{duchene2018phylomad,
  title={PhyloMAd: Efficient assessment of phylogenomic model adequacy},
  author={Duch{\^e}ne, David A and Duch{\^e}ne, Sebastian and Ho, Simon YW and Kelso, Janet},
  journal={Bioinformatics},
  year={2018}
}

@article{farris1989retention,
  title={The retention index and the rescaled consistency index},
  author={Farris, James S},
  journal={Cladistics},
  volume={5},
  number={4},
  pages={417--419},
  year={1989},
  publisher={Wiley Online Library}
}

@article{zhou2009dirichlet,
  title={A Dirichlet process covarion mixture model and its assessments using posterior predictive discrepancy tests},
  author={Zhou, Yan and Brinkmann, Henner and Rodrigue, Nicolas and Lartillot, Nicolas and Philippe, Herv{\'e}},
  journal={Molecular biology and evolution},
  volume={27},
  number={2},
  pages={371--384},
  year={2009},
  publisher={Oxford University Press}
}

@article{lartillot2004bayesian,
  title={A Bayesian mixture model for across-site heterogeneities in the amino-acid replacement process},
  author={Lartillot, Nicolas and Philippe, Herv{\'e}},
  journal={Molecular biology and evolution},
  volume={21},
  number={6},
  pages={1095--1109},
  year={2004},
  publisher={Oxford University Press}
}

@article{lemmon2004importance,
  title={The importance of proper model assumption in Bayesian phylogenetics},
  author={Lemmon, Alan R and Moriarty, Emily C},
  journal={Systematic Biology},
  volume={53},
  number={2},
  pages={265--277},
  year={2004},
  publisher={Society of Systematic Zoology}
}

@article{feuda2017improved,
  title={Improved modeling of compositional heterogeneity supports sponges as sister to all other animals},
  author={Feuda, Roberto and Dohrmann, Martin and Pett, Walker and Philippe, Herv{\'e} and Rota-Stabelli, Omar and Lartillot, Nicolas and W{\"o}rheide, Gert and Pisani, Davide},
  journal={Current Biology},
  volume={27},
  number={24},
  pages={3864--3870},
  year={2017},
  publisher={Elsevier}
}

@article{nasrallah2013phylogenetic,
  title={A phylogenetic model for the detection of epistatic interactions},
  author={Nasrallah, Chris A and Huelsenbeck, John P},
  journal={Molecular Biology and Evolution},
  volume={30},
  number={9},
  pages={2197--2208},
  year={2013},
  publisher={Oxford University Press}
}

@article{nasrallah2010quantifying,
  title={Quantifying the impact of dependent evolution among sites in phylogenetic inference},
  author={Nasrallah, Chris A and Mathews, David H and Huelsenbeck, John P},
  journal={Systematic biology},
  volume={60},
  number={1},
  pages={60--73},
  year={2010},
  publisher={Oxford University Press}
}

@article{rodrigue2006assessing,
  title={Assessing site-interdependent phylogenetic models of sequence evolution},
  author={Rodrigue, Nicolas and Philippe, Herv{\'e} and Lartillot, Nicolas},
  journal={Molecular biology and evolution},
  volume={23},
  number={9},
  pages={1762--1775},
  year={2006},
  publisher={Oxford University Press}
}

@article{rodrigue2005site,
  title={Site interdependence attributed to tertiary structure in amino acid sequence evolution},
  author={Rodrigue, Nicolas and Lartillot, Nicolas and Bryant, David and Philippe, HervE},
  journal={Gene},
  volume={347},
  number={2},
  pages={207--217},
  year={2005},
  publisher={Elsevier}
}

@article{kim2008penalized,
  title={Penalized likelihood phylogenetic inference: bridging the parsimony-likelihood gap},
  author={Kim, Junhyong and Sanderson, Michael J},
  journal={Systematic biology},
  volume={57},
  number={5},
  pages={665--674},
  year={2008},
  publisher={Taylor \& Francis}
}

@article{tavare1986some,
  title={Some probabilistic and statistical problems in the analysis of {DNA} sequences},
  author={Tavar{\'e}, Simon},
  journal={Lectures on mathematics in the life sciences},
  volume={17},
  number={2},
  pages={57--86},
  year={1986}
}
